<record><leader>00000cas a22000007a 4500</leader><controlfield tag="001">28167186</controlfield><controlfield tag="008">930526d188718uumauuu ne      0    0eng d</controlfield><datafield ind1=" " ind2=" " tag="010"><subfield code="a">sn 93058814 </subfield></datafield><datafield ind1=" " ind2=" " tag="040"><subfield code="a">MGN</subfield><subfield code="b">eng</subfield><subfield code="c">MGN</subfield><subfield code="d">OCLCQ</subfield></datafield><datafield ind1=" " ind2=" " tag="042"><subfield code="a">msc</subfield></datafield><datafield ind1="0" ind2=" " tag="130"><subfield code="a">Marblehead ledger (Marblehead, Mass. : 1887)</subfield></datafield><datafield ind1="1" ind2="0" tag="245"><subfield code="a">Marblehead ledger.</subfield></datafield><datafield ind1=" " ind2=" " tag="260"><subfield code="a">Marblehead, Mass. :</subfield><subfield code="b">G.W. Grader, Jr.</subfield></datafield><datafield ind1=" " ind2=" " tag="300"><subfield code="a">v.</subfield></datafield><datafield ind1="0" ind2=" " tag="362"><subfield code="a">Vol. 1, no. 1 (Mar. 1887)-</subfield></datafield><datafield ind1=" " ind2=" " tag="752"><subfield code="a">United States</subfield><subfield code="b">Massachusetts</subfield><subfield code="c">Essex</subfield><subfield code="d">Marblehead.</subfield></datafield></record>